<?xml version="1.0" encoding="UTF-8"?><record xmlns="http://www.loc.gov/MARC21/slim" xmlns:cinclude="http://apache.org/cocoon/include/1.0" xmlns:zs="http://www.loc.gov/zing/srw/">
  <leader>00317nz  a2200121n  4500</leader>
  <controlfield tag="001">nb 99112523 </controlfield>
  <controlfield tag="003">DLC</controlfield>
  <controlfield tag="005">20000216050325.0</controlfield>
  <controlfield tag="008">000215n| acannaabn          |n aaa     c</controlfield>
  <datafield tag="010" ind1=" " ind2=" ">
    <subfield code="a">nb 99112523 </subfield>
  </datafield>
  <datafield tag="040" ind1=" " ind2=" ">
    <subfield code="a">Uk</subfield>
    <subfield code="b">eng</subfield>
    <subfield code="c">Uk</subfield>
  </datafield>
  <datafield tag="100" ind1="1" ind2="0">
    <subfield code="a">Zangerl, Anton</subfield>
  </datafield>
  <datafield tag="670" ind1=" " ind2=" ">
    <subfield code="a">Friedrich GerstaĚcker (1816-1872), 1999:</subfield>
    <subfield code="b">t.p. (Anton Zangerl)</subfield>
  </datafield>
</record>